<?xml version="1.0" encoding="UTF-8"?><record xmlns="http://www.loc.gov/MARC21/slim" xmlns:cinclude="http://apache.org/cocoon/include/1.0" xmlns:zs="http://www.loc.gov/zing/srw/">
  <leader>00372nz  a2200121n  4500</leader>
  <controlfield tag="001">nr 00013958 </controlfield>
  <controlfield tag="003">DLC</controlfield>
  <controlfield tag="005">20000720033705.0</controlfield>
  <controlfield tag="008">000424n| acannaabn          |n aaa     c</controlfield>
  <datafield tag="010" ind1=" " ind2=" ">
    <subfield code="a">nr 00013958 </subfield>
  </datafield>
  <datafield tag="040" ind1=" " ind2=" ">
    <subfield code="a">NNU</subfield>
    <subfield code="b">eng</subfield>
    <subfield code="c">NNU</subfield>
  </datafield>
  <datafield tag="100" ind1="1" ind2=" ">
    <subfield code="a">Nanteau, Olivier,</subfield>
    <subfield code="d">1949-</subfield>
  </datafield>
  <datafield tag="670" ind1=" " ind2=" ">
    <subfield code="a">Portraits toque휍혖s, c1999:</subfield>
    <subfield code="b">t.p. (Olivier Nanteau) p. 4 of cover (ne휍혖 en 1949, journaliste et producteur)</subfield>
  </datafield>
</record>